@inproceedings{mendis2019ithemal,
  title={Ithemal: Accurate, portable and fast basic block throughput estimation using deep neural networks},
  author={Mendis, Charith and Renda, Alex and Amarasinghe, Saman and Carbin, Michael},
  booktitle={International Conference on Machine Learning},
  pages={4505--4515},
  year={2019},
  organization={PMLR}
}

@article{mammadli2020static,
  title={Static Neural Compiler Optimization via Deep Reinforcement Learning},
  author={Mammadli, Rahim and Jannesari, Ali and Wolf, Felix},
  journal={arXiv preprint arXiv:2008.08951},
  year={2020}
}

@article{ben2018neural,
  title={Neural code comprehension: A learnable representation of code semantics},
  author={Ben-Nun, Tal and Jakobovits, Alice Shoshana and Hoefler, Torsten},
  journal={Advances in Neural Information Processing Systems},
  volume={31},
  pages={3585--3597},
  year={2018}
}

@article{das2019deep,
  title={Deep Learning-based Hybrid Graph-Coloring Algorithm for Register Allocation},
  author={Das, Dibyendu and Ahmad, Shahid Asghar and Venkataramanan, Kumar},
  journal={arXiv preprint arXiv:1912.03700},
  year={2019}
}

@inproceedings{haj2020neurovectorizer,
  title={NeuroVectorizer: end-to-end vectorization with deep reinforcement learning},
  author={Haj-Ali, Ameer and Ahmed, Nesreen K and Willke, Ted and Shao, Yakun Sophia and Asanovic, Krste and Stoica, Ion},
  booktitle={Proceedings of the 18th ACM/IEEE International Symposium on Code Generation and Optimization},
  pages={242--255},
  year={2020}
}

@article{mcgovern2002building,
  title={Building a basic block instruction scheduler with reinforcement learning and rollouts},
  author={McGovern, Amy and Moss, Eliot and Barto, Andrew G},
  journal={Machine learning},
  volume={49},
  number={2-3},
  pages={141--160},
  year={2002},
  publisher={Springer}
}

@inproceedings{huang2019autophase,
  title={Autophase: Compiler phase-ordering for hls with deep reinforcement learning},
  author={Huang, Qijing and Haj-Ali, Ameer and Moses, William and Xiang, John and Stoica, Ion and Asanovic, Krste and Wawrzynek, John},
  booktitle={2019 IEEE 27th Annual International Symposium on Field-Programmable Custom Computing Machines (FCCM)},
  pages={308--308},
  year={2019},
  organization={IEEE}
}

@inproceedings{lemos2019graph,
  title={Graph colouring meets deep learning: Effective graph neural network models for combinatorial problems},
  author={Lemos, Henrique and Prates, Marcelo and Avelar, Pedro and Lamb, Luis},
  booktitle={2019 IEEE 31st International Conference on Tools with Artificial Intelligence (ICTAI)},
  pages={879--885},
  year={2019},
  organization={IEEE}
}

@inproceedings{goodman1988code,
  title={Code scheduling and register allocation in large basic blocks},
  author={Goodman, James R and Hsu, W-C},
  booktitle={ACM International Conference on Supercomputing 25th Anniversary Volume},
  pages={88--98},
  year={1988}
}

@inproceedings{qiao2019loop,
  title={From loop fusion to kernel fusion: a domain-specific approach to locality optimization},
  author={Qiao, Bo and Reiche, Oliver and Hannig, Frank and Teich, J{\"\i}rgen},
  booktitle={2019 IEEE/ACM International Symposium on Code Generation and Optimization (CGO)},
  pages={242--253},
  year={2019},
  organization={IEEE}
}

@mastersthesis{russell2006learning,
  title={Learning Instruction Scheduling Heuristics from Optimal Data},
  author={Russell, Tyrel},
  year={2006},
  school={University of Waterloo}
}

@inproceedings{chen2018register,
  title={Register allocation for intel processor graphics},
  author={Chen, Wei-Yu and Lueh, Guei-Yuan and Ashar, Pratik and Chen, Kaiyu and Cheng, Buqi},
  booktitle={Proceedings of the 2018 International Symposium on Code Generation and Optimization},
  pages={352--364},
  year={2018}
}

@inproceedings{moss1998learning,
  title={Learning to schedule straight-line code},
  author={Moss, J Eliot B and Utgoff, Paul E and Cavazos, John and Precup, Doina and Stefanovic, Darko and Brodley, Carla E and Scheeff, David},
  booktitle={Advances in Neural Information Processing Systems},
  pages={929--935},
  year={1998}
}

@phdthesis{cavazos2005automatically,
  title={Automatically constructing compiler optimization heuristics using supervised learning},
  author={Cavazos, John},
  year={2005},
  publisher={University of Massachusetts Amherst}
}

@article{stephenson2003meta,
  title={Meta optimization: Improving compiler heuristics with machine learning},
  author={Stephenson, Mark and Amarasinghe, Saman and Martin, Martin and O'Reilly, Una-May},
  journal={ACM sigplan notices},
  volume={38},
  number={5},
  pages={77--90},
  year={2003},
  publisher={ACM New York, NY, USA}
}

@article{correa1999scheduling,
  title={Scheduling multiprocessor tasks with genetic algorithms},
  author={Corr{\^e}a, Ricardo C and Ferreira, Afonso and Rebreyend, Pascal},
  journal={IEEE Transactions on Parallel and Distributed systems},
  volume={10},
  number={8},
  pages={825--837},
  year={1999},
  publisher={IEEE}
}

@inproceedings{beaty1996using,
  title={Using genetic algorithms to fine-tune instruction-scheduling heuristics},
  author={Beaty, Steven J and Colcord, Scott and Sweany, Philip H},
  booktitle={Proceedings of the international conference on massively parallel computer systems},
  year={1996}
}

@inproceedings{nemirovsky2017machine,
  title={A machine learning approach for performance prediction and scheduling on heterogeneous CPUs},
  author={Nemirovsky, Daniel and Arkose, Tugberk and Markovic, Nikola and Nemirovsky, Mario and Unsal, Osman and Cristal, Adrian},
  booktitle={2017 29th International Symposium on Computer Architecture and High Performance Computing (SBAC-PAD)},
  pages={121--128},
  year={2017},
  organization={IEEE}
}

@inproceedings{xu2017neural,
  title={Neural network-based graph embedding for cross-platform binary code similarity detection},
  author={Xu, Xiaojun and Liu, Chang and Feng, Qian and Yin, Heng and Song, Le and Song, Dawn},
  booktitle={Proceedings of the 2017 ACM SIGSAC Conference on Computer and Communications Security},
  pages={363--376},
  year={2017}
}

@article{cummins2020programl,
  title={ProGraML: Graph-based Deep Learning for Program Optimization and Analysis},
  author={Cummins, Chris and Fisches, Zacharias V and Ben-Nun, Tal and Hoefler, Torsten and Leather, Hugh},
  journal={arXiv preprint arXiv:2003.10536},
  year={2020}
}

@inproceedings{brauckmann2020compiler,
  title={Compiler-based graph representations for deep learning models of code},
  author={Brauckmann, Alexander and Goens, Andr{\'e}s and Ertel, Sebastian and Castrillon, Jeronimo},
  booktitle={Proceedings of the 29th International Conference on Compiler Construction},
  pages={201--211},
  year={2020}
}

@article{alon2019code2vec,
  title={code2vec: Learning distributed representations of code},
  author={Alon, Uri and Zilberstein, Meital and Levy, Omer and Yahav, Eran},
  journal={Proceedings of the ACM on Programming Languages},
  volume={3},
  number={POPL},
  pages={1--29},
  year={2019},
  publisher={ACM New York, NY, USA}
}

@article{keerthy2019ir2vec,
  title={IR2Vec: A Flow Analysis based Scalable Infrastructure for Program Encodings},
  author={Keerthy S, Venkata and Aggarwal, Rohit and Jain, Shalini and Sankar Desarkar, Maunendra and Upadrasta, Ramakrishna and Srikant, YN},
  journal={arXiv},
  pages={arXiv--1909},
  year={2019}
}

@article{mikolov2013efficient,
  title={Efficient estimation of word representations in vector space},
  author={Mikolov, Tomas and Chen, Kai and Corrado, Greg and Dean, Jeffrey},
  journal={arXiv preprint arXiv:1301.3781},
  year={2013}
}

@article{mikolov2013distributed,
  title={Distributed representations of words and phrases and their compositionality},
  author={Mikolov, Tomas and Sutskever, Ilya and Chen, Kai and Corrado, Greg S and Dean, Jeff},
  journal={Advances in neural information processing systems},
  volume={26},
  pages={3111--3119},
  year={2013}
}

@InProceedings{LLVM:CGO04,
     Author  = {Chris Lattner and Vikram Adve},
     Title = {{LLVM}: A Compilation Framework for Lifelong Program Analysis and Transformation},
     Booktitle = CGO,
     Address = {San Jose, CA, USA},
     Month = {Mar},
     Year = {2004},
     pages = {75--88},
}

@misc{llvm:mca,
  author = {Dimitry Andric},
  title = {{llvm-mca - LLVM Machine Code Analyzer}},
  howpublished = "\url{https://llvm.org/docs/CommandGuide/llvm-mca.html}",
  year = {2018}, 
  note = "[Online; accessed 30 June 2021]"
}

@inproceedings{ye2020deep,
  title={Deep Program Structure Modeling Through Multi-Relational Graph-based Learning},
  author={Ye, Guixin and Tang, Zhanyong and Wang, Huanting and Fang, Dingyi and Fang, Jianbin and Huang, Songfang and Wang, Zheng},
  booktitle={Proceedings of the ACM International Conference on Parallel Architectures and Compilation Techniques},
  pages={111--123},
  year={2020}
}

@article{allamanis2017learning,
  title={Learning to represent programs with graphs},
  author={Allamanis, Miltiadis and Brockschmidt, Marc and Khademi, Mahmoud},
  journal={arXiv preprint arXiv:1711.00740},
  year={2017}
}

@article{dam2018deep,
  title={A deep tree-based model for software defect prediction},
  author={Dam, Hoa Khanh and Pham, Trang and Ng, Shien Wee and Tran, Truyen and Grundy, John and Ghose, Aditya and Kim, Taeksu and Kim, Chul-Joo},
  journal={arXiv preprint arXiv:1802.00921},
  year={2018}
}

@inproceedings{park2012using,
  title={Using graph-based program characterization for predictive modeling},
  author={Park, Eunjung and Cavazos, John and Alvarez, Marco A},
  booktitle={Proceedings of the Tenth International Symposium on Code Generation and Optimization},
  pages={196--206},
  year={2012}
}

@article{graham1982gprof,
  title={Gprof: A call graph execution profiler},
  author={Graham, Susan L and Kessler, Peter B and McKusick, Marshall K},
  journal={ACM Sigplan Notices},
  volume={17},
  number={6},
  pages={120--126},
  year={1982},
  publisher={ACM New York, NY, USA}
}

@inproceedings{taha2003instruction,
  title={An instruction throughput model of superscalar processors},
  author={Taha, Tarek M and Wills, D Scott},
  booktitle={14th IEEE International Workshop on Rapid Systems Prototyping, 2003. Proceedings.},
  pages={156--163},
  year={2003},
  organization={IEEE}
}

@inproceedings{laukemann2018automated,
  title={Automated instruction stream throughput prediction for intel and amd microarchitectures},
  author={Laukemann, Jan and Hammer, Julian and Hofmann, Johannes and Hager, Georg and Wellein, Gerhard},
  booktitle={2018 IEEE/ACM performance modeling, benchmarking and simulation of high performance computer systems (PMBS)},
  pages={121--131},
  year={2018},
  organization={IEEE}
}
